%YAML 1.1
%TAG !u! tag:unity3d.com,2011:
--- !u!29 &1
OcclusionCullingSettings:
  m_ObjectHideFlags: 0
  serializedVersion: 2
  m_OcclusionBakeSettings:
    smallestOccluder: 5
    smallestHole: 0.25
    backfaceThreshold: 100
  m_SceneGUID: 00000000000000000000000000000000
  m_OcclusionCullingData: {fileID: 0}
--- !u!104 &2
RenderSettings:
  m_ObjectHideFlags: 0
  serializedVersion: 9
  m_Fog: 0
  m_FogColor: {r: 0.5, g: 0.5, b: 0.5, a: 1}
  m_FogMode: 3
  m_FogDensity: 0.01
  m_LinearFogStart: 0
  m_LinearFogEnd: 300
  m_AmbientSkyColor: {r: 0.212, g: 0.227, b: 0.259, a: 1}
  m_AmbientEquatorColor: {r: 0.114, g: 0.125, b: 0.133, a: 1}
  m_AmbientGroundColor: {r: 0.047, g: 0.043, b: 0.035, a: 1}
  m_AmbientIntensity: 1
  m_AmbientMode: 3
  m_SubtractiveShadowColor: {r: 0.42, g: 0.478, b: 0.627, a: 1}
  m_SkyboxMaterial: {fileID: 0}
  m_HaloStrength: 0.5
  m_FlareStrength: 1
  m_FlareFadeSpeed: 3
  m_HaloTexture: {fileID: 0}
  m_SpotCookie: {fileID: 10001, guid: 0000000000000000e000000000000000, type: 0}
  m_DefaultReflectionMode: 0
  m_DefaultReflectionResolution: 128
  m_ReflectionBounces: 1
  m_ReflectionIntensity: 1
  m_CustomReflection: {fileID: 0}
  m_Sun: {fileID: 0}
  m_IndirectSpecularColor: {r: 0, g: 0, b: 0, a: 1}
  m_UseRadianceAmbientProbe: 0
--- !u!157 &3
LightmapSettings:
  m_ObjectHideFlags: 0
  serializedVersion: 12
  m_GIWorkflowMode: 1
  m_GISettings:
    serializedVersion: 2
    m_BounceScale: 1
    m_IndirectOutputScale: 1
    m_AlbedoBoost: 1
    m_EnvironmentLightingMode: 0
    m_EnableBakedLightmaps: 0
    m_EnableRealtimeLightmaps: 0
  m_LightmapEditorSettings:
    serializedVersion: 12
    m_Resolution: 2
    m_BakeResolution: 40
    m_AtlasSize: 1024
    m_AO: 0
    m_AOMaxDistance: 1
    m_CompAOExponent: 1
    m_CompAOExponentDirect: 0
    m_ExtractAmbientOcclusion: 0
    m_Padding: 2
    m_LightmapParameters: {fileID: 0}
    m_LightmapsBakeMode: 1
    m_TextureCompression: 1
    m_FinalGather: 0
    m_FinalGatherFiltering: 1
    m_FinalGatherRayCount: 256
    m_ReflectionCompression: 2
    m_MixedBakeMode: 2
    m_BakeBackend: 0
    m_PVRSampling: 1
    m_PVRDirectSampleCount: 32
    m_PVRSampleCount: 500
    m_PVRBounces: 2
    m_PVREnvironmentSampleCount: 500
    m_PVREnvironmentReferencePointCount: 2048
    m_PVRFilteringMode: 2
    m_PVRDenoiserTypeDirect: 0
    m_PVRDenoiserTypeIndirect: 0
    m_PVRDenoiserTypeAO: 0
    m_PVRFilterTypeDirect: 0
    m_PVRFilterTypeIndirect: 0
    m_PVRFilterTypeAO: 0
    m_PVREnvironmentMIS: 0
    m_PVRCulling: 1
    m_PVRFilteringGaussRadiusDirect: 1
    m_PVRFilteringGaussRadiusIndirect: 5
    m_PVRFilteringGaussRadiusAO: 2
    m_PVRFilteringAtrousPositionSigmaDirect: 0.5
    m_PVRFilteringAtrousPositionSigmaIndirect: 2
    m_PVRFilteringAtrousPositionSigmaAO: 1
    m_ExportTrainingData: 0
    m_TrainingDataDestination: TrainingData
    m_LightProbeSampleCountMultiplier: 4
  m_LightingDataAsset: {fileID: 0}
  m_LightingSettings: {fileID: 0}
--- !u!196 &4
NavMeshSettings:
  serializedVersion: 2
  m_ObjectHideFlags: 0
  m_BuildSettings:
    serializedVersion: 2
    agentTypeID: 0
    agentRadius: 0.5
    agentHeight: 2
    agentSlope: 45
    agentClimb: 0.4
    ledgeDropHeight: 0
    maxJumpAcrossDistance: 0
    minRegionArea: 2
    manualCellSize: 0
    cellSize: 0.16666667
    manualTileSize: 0
    tileSize: 256
    accuratePlacement: 0
    maxJobWorkers: 0
    preserveTilesOutsideBounds: 0
    debug:
      m_Flags: 0
  m_NavMeshData: {fileID: 0}
--- !u!1 &343928677
GameObject:
  m_ObjectHideFlags: 3
  m_CorrespondingSourceObject: {fileID: 0}
  m_PrefabInstance: {fileID: 0}
  m_PrefabAsset: {fileID: 0}
  serializedVersion: 6
  m_Component:
  - component: {fileID: 343928678}
  - component: {fileID: 343928681}
  - component: {fileID: 343928679}
  - component: {fileID: 343928682}
  m_Layer: 0
  m_Name: cm
  m_TagString: Untagged
  m_Icon: {fileID: 0}
  m_NavMeshLayer: 0
  m_StaticEditorFlags: 0
  m_IsActive: 1
--- !u!4 &343928678
Transform:
  m_ObjectHideFlags: 3
  m_CorrespondingSourceObject: {fileID: 0}
  m_PrefabInstance: {fileID: 0}
  m_PrefabAsset: {fileID: 0}
  m_GameObject: {fileID: 343928677}
  m_LocalRotation: {x: -0, y: -0, z: -0, w: 1}
  m_LocalPosition: {x: -20.005457, y: -2.1049805, z: 54.010113}
  m_LocalScale: {x: 1, y: 1, z: 1}
  m_ConstrainProportionsScale: 0
  m_Children: []
  m_Father: {fileID: 1478950843}
  m_RootOrder: 0
  m_LocalEulerAnglesHint: {x: 0, y: 0, z: 0}
--- !u!114 &343928679
MonoBehaviour:
  m_ObjectHideFlags: 3
  m_CorrespondingSourceObject: {fileID: 0}
  m_PrefabInstance: {fileID: 0}
  m_PrefabAsset: {fileID: 0}
  m_GameObject: {fileID: 343928677}
  m_Enabled: 1
  m_EditorHideFlags: 0
  m_Script: {fileID: 11500000, guid: fa7155796051b734daa718462081dc5f, type: 3}
  m_Name: 
  m_EditorClassIdentifier: 
  m_BindingMode: 1
  m_FollowOffset: {x: 4.36, y: 0, z: -10}
  m_XDamping: 1
  m_YDamping: 1
  m_ZDamping: 1
  m_AngularDampingMode: 0
  m_PitchDamping: 0
  m_YawDamping: 0
  m_RollDamping: 0
  m_AngularDamping: 0
--- !u!114 &343928681
MonoBehaviour:
  m_ObjectHideFlags: 3
  m_CorrespondingSourceObject: {fileID: 0}
  m_PrefabInstance: {fileID: 0}
  m_PrefabAsset: {fileID: 0}
  m_GameObject: {fileID: 343928677}
  m_Enabled: 1
  m_EditorHideFlags: 0
  m_Script: {fileID: 11500000, guid: ac0b09e7857660247b1477e93731de29, type: 3}
  m_Name: 
  m_EditorClassIdentifier: 
--- !u!114 &343928682
MonoBehaviour:
  m_ObjectHideFlags: 3
  m_CorrespondingSourceObject: {fileID: 0}
  m_PrefabInstance: {fileID: 0}
  m_PrefabAsset: {fileID: 0}
  m_GameObject: {fileID: 343928677}
  m_Enabled: 1
  m_EditorHideFlags: 0
  m_Script: {fileID: 11500000, guid: f4044717213e31446939f7bd49c896ea, type: 3}
  m_Name: 
  m_EditorClassIdentifier: 
  m_TrackedObjectOffset: {x: 0, y: 0, z: 0}
  m_LookaheadTime: 0
  m_LookaheadSmoothing: 0
  m_LookaheadIgnoreY: 0
  m_HorizontalDamping: 0.5
  m_VerticalDamping: 0.5
  m_ScreenX: 0.25
  m_ScreenY: 0.5
  m_DeadZoneWidth: 0
  m_DeadZoneHeight: 0
  m_SoftZoneWidth: 0.8
  m_SoftZoneHeight: 0.8
  m_BiasX: 0
  m_BiasY: 0
  m_CenterOnActivate: 1
--- !u!1 &519420028
GameObject:
  m_ObjectHideFlags: 0
  m_CorrespondingSourceObject: {fileID: 0}
  m_PrefabInstance: {fileID: 0}
  m_PrefabAsset: {fileID: 0}
  serializedVersion: 6
  m_Component:
  - component: {fileID: 519420032}
  - component: {fileID: 519420031}
  - component: {fileID: 519420029}
  - component: {fileID: 519420033}
  m_Layer: 0
  m_Name: Main Camera
  m_TagString: MainCamera
  m_Icon: {fileID: 0}
  m_NavMeshLayer: 0
  m_StaticEditorFlags: 0
  m_IsActive: 1
--- !u!81 &519420029
AudioListener:
  m_ObjectHideFlags: 0
  m_CorrespondingSourceObject: {fileID: 0}
  m_PrefabInstance: {fileID: 0}
  m_PrefabAsset: {fileID: 0}
  m_GameObject: {fileID: 519420028}
  m_Enabled: 1
--- !u!20 &519420031
Camera:
  m_ObjectHideFlags: 0
  m_CorrespondingSourceObject: {fileID: 0}
  m_PrefabInstance: {fileID: 0}
  m_PrefabAsset: {fileID: 0}
  m_GameObject: {fileID: 519420028}
  m_Enabled: 1
  serializedVersion: 2
  m_ClearFlags: 2
  m_BackGroundColor: {r: 0.19215687, g: 0.3019608, b: 0.4745098, a: 0}
  m_projectionMatrixMode: 1
  m_GateFitMode: 2
  m_FOVAxisMode: 0
  m_SensorSize: {x: 36, y: 24}
  m_LensShift: {x: 0, y: 0}
  m_FocalLength: 50
  m_NormalizedViewPortRect:
    serializedVersion: 2
    x: 0
    y: 0
    width: 1
    height: 1
  near clip plane: 0.3
  far clip plane: 1000
  field of view: 60
  orthographic: 1
  orthographic size: 5
  m_Depth: -1
  m_CullingMask:
    serializedVersion: 2
    m_Bits: 4294967295
  m_RenderingPath: -1
  m_TargetTexture: {fileID: 0}
  m_TargetDisplay: 0
  m_TargetEye: 0
  m_HDR: 1
  m_AllowMSAA: 0
  m_AllowDynamicResolution: 0
  m_ForceIntoRT: 0
  m_OcclusionCulling: 0
  m_StereoConvergence: 10
  m_StereoSeparation: 0.022
--- !u!4 &519420032
Transform:
  m_ObjectHideFlags: 0
  m_CorrespondingSourceObject: {fileID: 0}
  m_PrefabInstance: {fileID: 0}
  m_PrefabAsset: {fileID: 0}
  m_GameObject: {fileID: 519420028}
  m_LocalRotation: {x: 0, y: 0, z: 0, w: 1}
  m_LocalPosition: {x: -2.1399999, y: 4.56, z: -10}
  m_LocalScale: {x: 1, y: 1, z: 1}
  m_ConstrainProportionsScale: 0
  m_Children: []
  m_Father: {fileID: 0}
  m_RootOrder: 0
  m_LocalEulerAnglesHint: {x: 0, y: 0, z: 0}
--- !u!114 &519420033
MonoBehaviour:
  m_ObjectHideFlags: 0
  m_CorrespondingSourceObject: {fileID: 0}
  m_PrefabInstance: {fileID: 0}
  m_PrefabAsset: {fileID: 0}
  m_GameObject: {fileID: 519420028}
  m_Enabled: 1
  m_EditorHideFlags: 0
  m_Script: {fileID: 11500000, guid: 72ece51f2901e7445ab60da3685d6b5f, type: 3}
  m_Name: 
  m_EditorClassIdentifier: 
  m_ShowDebugText: 0
  m_ShowCameraFrustum: 1
  m_IgnoreTimeScale: 0
  m_WorldUpOverride: {fileID: 0}
  m_UpdateMethod: 2
  m_BlendUpdateMethod: 1
  m_DefaultBlend:
    m_Style: 1
    m_Time: 2
    m_CustomCurve:
      serializedVersion: 2
      m_Curve: []
      m_PreInfinity: 2
      m_PostInfinity: 2
      m_RotationOrder: 4
  m_CustomBlends: {fileID: 0}
  m_CameraCutEvent:
    m_PersistentCalls:
      m_Calls: []
  m_CameraActivatedEvent:
    m_PersistentCalls:
      m_Calls: []
--- !u!1 &1066849921
GameObject:
  m_ObjectHideFlags: 0
  m_CorrespondingSourceObject: {fileID: 0}
  m_PrefabInstance: {fileID: 0}
  m_PrefabAsset: {fileID: 0}
  serializedVersion: 6
  m_Component:
  - component: {fileID: 1066849922}
  - component: {fileID: 1066849923}
  m_Layer: 0
  m_Name: Boarder_Top
  m_TagString: Untagged
  m_Icon: {fileID: 0}
  m_NavMeshLayer: 0
  m_StaticEditorFlags: 0
  m_IsActive: 1
--- !u!4 &1066849922
Transform:
  m_ObjectHideFlags: 0
  m_CorrespondingSourceObject: {fileID: 0}
  m_PrefabInstance: {fileID: 0}
  m_PrefabAsset: {fileID: 0}
  m_GameObject: {fileID: 1066849921}
  m_LocalRotation: {x: -0, y: -0, z: 0.03575208, w: 0.9993607}
  m_LocalPosition: {x: -0.19549513, y: -0.70954156, z: 0}
  m_LocalScale: {x: 1, y: 1, z: 1}
  m_ConstrainProportionsScale: 0
  m_Children: []
  m_Father: {fileID: 1477698587}
  m_RootOrder: 0
  m_LocalEulerAnglesHint: {x: 0, y: 0, z: 4.098}
--- !u!212 &1066849923
SpriteRenderer:
  m_ObjectHideFlags: 0
  m_CorrespondingSourceObject: {fileID: 0}
  m_PrefabInstance: {fileID: 0}
  m_PrefabAsset: {fileID: 0}
  m_GameObject: {fileID: 1066849921}
  m_Enabled: 1
  m_CastShadows: 0
  m_ReceiveShadows: 0
  m_DynamicOccludee: 1
  m_StaticShadowCaster: 0
  m_MotionVectors: 1
  m_LightProbeUsage: 1
  m_ReflectionProbeUsage: 1
  m_RayTracingMode: 0
  m_RayTraceProcedural: 0
  m_RenderingLayerMask: 1
  m_RendererPriority: 0
  m_Materials:
  - {fileID: 10754, guid: 0000000000000000f000000000000000, type: 0}
  m_StaticBatchInfo:
    firstSubMesh: 0
    subMeshCount: 0
  m_StaticBatchRoot: {fileID: 0}
  m_ProbeAnchor: {fileID: 0}
  m_LightProbeVolumeOverride: {fileID: 0}
  m_ScaleInLightmap: 1
  m_ReceiveGI: 1
  m_PreserveUVs: 0
  m_IgnoreNormalsForChartDetection: 0
  m_ImportantGI: 0
  m_StitchLightmapSeams: 1
  m_SelectedEditorRenderState: 0
  m_MinimumChartSize: 4
  m_AutoUVMaxDistance: 0.5
  m_AutoUVMaxAngle: 89
  m_LightmapParameters: {fileID: 0}
  m_SortingLayerID: 0
  m_SortingLayer: 0
  m_SortingOrder: 10
  m_Sprite: {fileID: 21300000, guid: c1d46afcc2040e14b8fd44e1e3a288c3, type: 3}
  m_Color: {r: 1, g: 1, b: 1, a: 1}
  m_FlipX: 0
  m_FlipY: 0
  m_DrawMode: 0
  m_Size: {x: 2.42, y: 1.625}
  m_AdaptiveModeThreshold: 0.5
  m_SpriteTileMode: 0
  m_WasSpriteAssigned: 1
  m_MaskInteraction: 0
  m_SpriteSortPoint: 0
--- !u!1 &1158058751
GameObject:
  m_ObjectHideFlags: 0
  m_CorrespondingSourceObject: {fileID: 0}
  m_PrefabInstance: {fileID: 0}
  m_PrefabAsset: {fileID: 0}
  serializedVersion: 6
  m_Component:
  - component: {fileID: 1158058755}
  - component: {fileID: 1158058754}
  - component: {fileID: 1158058753}
  - component: {fileID: 1158058752}
  m_Layer: 0
  m_Name: Finish Line
  m_TagString: Untagged
  m_Icon: {fileID: 0}
  m_NavMeshLayer: 0
  m_StaticEditorFlags: 0
  m_IsActive: 1
--- !u!114 &1158058752
MonoBehaviour:
  m_ObjectHideFlags: 0
  m_CorrespondingSourceObject: {fileID: 0}
  m_PrefabInstance: {fileID: 0}
  m_PrefabAsset: {fileID: 0}
  m_GameObject: {fileID: 1158058751}
  m_Enabled: 1
  m_EditorHideFlags: 0
  m_Script: {fileID: 11500000, guid: 638f57b325d9c6647bc9b2b70920a047, type: 3}
  m_Name: 
  m_EditorClassIdentifier: 
--- !u!61 &1158058753
BoxCollider2D:
  m_ObjectHideFlags: 0
  m_CorrespondingSourceObject: {fileID: 0}
  m_PrefabInstance: {fileID: 0}
  m_PrefabAsset: {fileID: 0}
  m_GameObject: {fileID: 1158058751}
  m_Enabled: 1
  m_Density: 1
  m_Material: {fileID: 0}
  m_IsTrigger: 1
  m_UsedByEffector: 0
  m_UsedByComposite: 0
  m_Offset: {x: 0, y: 2.5884326}
  m_SpriteTilingProperty:
    border: {x: 0, y: 0, z: 0, w: 0}
    pivot: {x: 0.5, y: 0.5}
    oldSize: {x: 1, y: 1}
    newSize: {x: 1, y: 1}
    adaptiveTilingThreshold: 0.5
    drawMode: 0
    adaptiveTiling: 0
  m_AutoTiling: 0
  serializedVersion: 2
  m_Size: {x: 1, y: 6.176866}
  m_EdgeRadius: 0
--- !u!212 &1158058754
SpriteRenderer:
  m_ObjectHideFlags: 0
  m_CorrespondingSourceObject: {fileID: 0}
  m_PrefabInstance: {fileID: 0}
  m_PrefabAsset: {fileID: 0}
  m_GameObject: {fileID: 1158058751}
  m_Enabled: 1
  m_CastShadows: 0
  m_ReceiveShadows: 0
  m_DynamicOccludee: 1
  m_StaticShadowCaster: 0
  m_MotionVectors: 1
  m_LightProbeUsage: 1
  m_ReflectionProbeUsage: 1
  m_RayTracingMode: 0
  m_RayTraceProcedural: 0
  m_RenderingLayerMask: 1
  m_RendererPriority: 0
  m_Materials:
  - {fileID: 10754, guid: 0000000000000000f000000000000000, type: 0}
  m_StaticBatchInfo:
    firstSubMesh: 0
    subMeshCount: 0
  m_StaticBatchRoot: {fileID: 0}
  m_ProbeAnchor: {fileID: 0}
  m_LightProbeVolumeOverride: {fileID: 0}
  m_ScaleInLightmap: 1
  m_ReceiveGI: 1
  m_PreserveUVs: 0
  m_IgnoreNormalsForChartDetection: 0
  m_ImportantGI: 0
  m_StitchLightmapSeams: 1
  m_SelectedEditorRenderState: 0
  m_MinimumChartSize: 4
  m_AutoUVMaxDistance: 0.5
  m_AutoUVMaxAngle: 89
  m_LightmapParameters: {fileID: 0}
  m_SortingLayerID: 0
  m_SortingLayer: 0
  m_SortingOrder: 0
  m_Sprite: {fileID: 7482667652216324306, guid: 311925a002f4447b3a28927169b83ea6, type: 3}
  m_Color: {r: 0.9433962, g: 0.3693485, b: 0.3693485, a: 1}
  m_FlipX: 0
  m_FlipY: 0
  m_DrawMode: 0
  m_Size: {x: 1, y: 1}
  m_AdaptiveModeThreshold: 0.5
  m_SpriteTileMode: 0
  m_WasSpriteAssigned: 1
  m_MaskInteraction: 0
  m_SpriteSortPoint: 0
--- !u!4 &1158058755
Transform:
  m_ObjectHideFlags: 0
  m_CorrespondingSourceObject: {fileID: 0}
  m_PrefabInstance: {fileID: 0}
  m_PrefabAsset: {fileID: 0}
  m_GameObject: {fileID: 1158058751}
  m_LocalRotation: {x: 0, y: 0, z: 0, w: 1}
  m_LocalPosition: {x: 133.69, y: 3.5, z: 0}
  m_LocalScale: {x: 0.3304, y: 2.4085, z: 1}
  m_ConstrainProportionsScale: 0
  m_Children: []
  m_Father: {fileID: 0}
  m_RootOrder: 4
  m_LocalEulerAnglesHint: {x: 0, y: 0, z: 0}
--- !u!1 &1477698583
GameObject:
  m_ObjectHideFlags: 0
  m_CorrespondingSourceObject: {fileID: 0}
  m_PrefabInstance: {fileID: 0}
  m_PrefabAsset: {fileID: 0}
  serializedVersion: 6
  m_Component:
  - component: {fileID: 1477698587}
  - component: {fileID: 1477698584}
  - component: {fileID: 1477698588}
  - component: {fileID: 1477698589}
  - component: {fileID: 1477698590}
  - component: {fileID: 1477698591}
  m_Layer: 0
  m_Name: Player
  m_TagString: Player
  m_Icon: {fileID: 0}
  m_NavMeshLayer: 0
  m_StaticEditorFlags: 0
  m_IsActive: 1
--- !u!50 &1477698584
Rigidbody2D:
  serializedVersion: 4
  m_ObjectHideFlags: 0
  m_CorrespondingSourceObject: {fileID: 0}
  m_PrefabInstance: {fileID: 0}
  m_PrefabAsset: {fileID: 0}
  m_GameObject: {fileID: 1477698583}
  m_BodyType: 0
  m_Simulated: 1
  m_UseFullKinematicContacts: 0
  m_UseAutoMass: 0
  m_Mass: 1
  m_LinearDrag: 0.5
  m_AngularDrag: 15
  m_GravityScale: 1
  m_Material: {fileID: 0}
  m_Interpolate: 0
  m_SleepingMode: 1
  m_CollisionDetection: 1
  m_Constraints: 0
--- !u!4 &1477698587
Transform:
  m_ObjectHideFlags: 0
  m_CorrespondingSourceObject: {fileID: 0}
  m_PrefabInstance: {fileID: 0}
  m_PrefabAsset: {fileID: 0}
  m_GameObject: {fileID: 1477698583}
  m_LocalRotation: {x: 0, y: 0, z: 0, w: 1}
  m_LocalPosition: {x: -6.5, y: 4.56, z: 0}
  m_LocalScale: {x: 1, y: 1, z: 1}
  m_ConstrainProportionsScale: 0
  m_Children:
  - {fileID: 1066849922}
  - {fileID: 1815633369}
  m_Father: {fileID: 0}
  m_RootOrder: 2
  m_LocalEulerAnglesHint: {x: 0, y: 0, z: 0}
--- !u!70 &1477698588
CapsuleCollider2D:
  m_ObjectHideFlags: 0
  m_CorrespondingSourceObject: {fileID: 0}
  m_PrefabInstance: {fileID: 0}
  m_PrefabAsset: {fileID: 0}
  m_GameObject: {fileID: 1477698583}
  m_Enabled: 1
  m_Density: 1
  m_Material: {fileID: 0}
  m_IsTrigger: 0
  m_UsedByEffector: 0
  m_UsedByComposite: 0
  m_Offset: {x: 0.07, y: -1.8}
  m_Size: {x: 2.92, y: 0.26}
  m_Direction: 1
--- !u!58 &1477698589
CircleCollider2D:
  m_ObjectHideFlags: 0
  m_CorrespondingSourceObject: {fileID: 0}
  m_PrefabInstance: {fileID: 0}
  m_PrefabAsset: {fileID: 0}
  m_GameObject: {fileID: 1477698583}
  m_Enabled: 1
  m_Density: 1
  m_Material: {fileID: 0}
  m_IsTrigger: 1
  m_UsedByEffector: 0
  m_UsedByComposite: 0
  m_Offset: {x: 0.36, y: -0.195741}
  serializedVersion: 2
  m_Radius: 0.33916503
--- !u!114 &1477698590
MonoBehaviour:
  m_ObjectHideFlags: 0
  m_CorrespondingSourceObject: {fileID: 0}
  m_PrefabInstance: {fileID: 0}
  m_PrefabAsset: {fileID: 0}
  m_GameObject: {fileID: 1477698583}
  m_Enabled: 1
  m_EditorHideFlags: 0
  m_Script: {fileID: 11500000, guid: 6bb1bd49f13096d4a8a5771fe97a29da, type: 3}
  m_Name: 
  m_EditorClassIdentifier: 
  torqueAmount: 10
--- !u!114 &1477698591
MonoBehaviour:
  m_ObjectHideFlags: 0
  m_CorrespondingSourceObject: {fileID: 0}
  m_PrefabInstance: {fileID: 0}
  m_PrefabAsset: {fileID: 0}
  m_GameObject: {fileID: 1477698583}
  m_Enabled: 1
  m_EditorHideFlags: 0
  m_Script: {fileID: 11500000, guid: 02f7839661acb444fbc10257e667a50c, type: 3}
  m_Name: 
  m_EditorClassIdentifier: 
--- !u!1 &1478950841
GameObject:
  m_ObjectHideFlags: 0
  m_CorrespondingSourceObject: {fileID: 0}
  m_PrefabInstance: {fileID: 0}
  m_PrefabAsset: {fileID: 0}
  serializedVersion: 6
  m_Component:
  - component: {fileID: 1478950843}
  - component: {fileID: 1478950842}
  m_Layer: 0
  m_Name: VC Follow Camera
  m_TagString: Untagged
  m_Icon: {fileID: 0}
  m_NavMeshLayer: 0
  m_StaticEditorFlags: 0
  m_IsActive: 1
--- !u!114 &1478950842
MonoBehaviour:
  m_ObjectHideFlags: 0
  m_CorrespondingSourceObject: {fileID: 0}
  m_PrefabInstance: {fileID: 0}
  m_PrefabAsset: {fileID: 0}
  m_GameObject: {fileID: 1478950841}
  m_Enabled: 1
  m_EditorHideFlags: 0
  m_Script: {fileID: 11500000, guid: 45e653bab7fb20e499bda25e1b646fea, type: 3}
  m_Name: 
  m_EditorClassIdentifier: 
  m_ExcludedPropertiesInInspector:
  - m_Script
  m_LockStageInInspector: 
  m_StreamingVersion: 20170927
  m_Priority: 10
  m_StandbyUpdate: 2
  m_LookAt: {fileID: 0}
  m_Follow: {fileID: 1477698587}
  m_Lens:
    FieldOfView: 60
    OrthographicSize: 5
    NearClipPlane: 0.3
    FarClipPlane: 1000
    Dutch: 0
    ModeOverride: 0
    LensShift: {x: 0, y: 0}
    GateFit: 2
    m_SensorSize: {x: 1, y: 1}
  m_Transitions:
    m_BlendHint: 0
    m_InheritPosition: 0
    m_OnCameraLive:
      m_PersistentCalls:
        m_Calls: []
  m_LegacyBlendHint: 0
  m_ComponentOwner: {fileID: 343928678}
--- !u!4 &1478950843
Transform:
  m_ObjectHideFlags: 0
  m_CorrespondingSourceObject: {fileID: 0}
  m_PrefabInstance: {fileID: 0}
  m_PrefabAsset: {fileID: 0}
  m_GameObject: {fileID: 1478950841}
  m_LocalRotation: {x: 0, y: 0, z: 0, w: 1}
  m_LocalPosition: {x: -2.1399999, y: 4.56, z: -10}
  m_LocalScale: {x: 1, y: 1, z: 1}
  m_ConstrainProportionsScale: 0
  m_Children:
  - {fileID: 343928678}
  m_Father: {fileID: 0}
  m_RootOrder: 3
  m_LocalEulerAnglesHint: {x: 0, y: 0, z: 0}
--- !u!1 &1815633368
GameObject:
  m_ObjectHideFlags: 0
  m_CorrespondingSourceObject: {fileID: 0}
  m_PrefabInstance: {fileID: 0}
  m_PrefabAsset: {fileID: 0}
  serializedVersion: 6
  m_Component:
  - component: {fileID: 1815633369}
  - component: {fileID: 1815633370}
  m_Layer: 0
  m_Name: Boarder_Bottom
  m_TagString: Untagged
  m_Icon: {fileID: 0}
  m_NavMeshLayer: 0
  m_StaticEditorFlags: 0
  m_IsActive: 1
--- !u!4 &1815633369
Transform:
  m_ObjectHideFlags: 0
  m_CorrespondingSourceObject: {fileID: 0}
  m_PrefabInstance: {fileID: 0}
  m_PrefabAsset: {fileID: 0}
  m_GameObject: {fileID: 1815633368}
  m_LocalRotation: {x: -0, y: -0, z: 0.03575208, w: 0.9993607}
  m_LocalPosition: {x: 0.025643349, y: -1.319299, z: 0}
  m_LocalScale: {x: 1, y: 1, z: 1}
  m_ConstrainProportionsScale: 0
  m_Children: []
  m_Father: {fileID: 1477698587}
  m_RootOrder: 1
  m_LocalEulerAnglesHint: {x: 0, y: 0, z: 4.098}
--- !u!212 &1815633370
SpriteRenderer:
  m_ObjectHideFlags: 0
  m_CorrespondingSourceObject: {fileID: 0}
  m_PrefabInstance: {fileID: 0}
  m_PrefabAsset: {fileID: 0}
  m_GameObject: {fileID: 1815633368}
  m_Enabled: 1
  m_CastShadows: 0
  m_ReceiveShadows: 0
  m_DynamicOccludee: 1
  m_StaticShadowCaster: 0
  m_MotionVectors: 1
  m_LightProbeUsage: 1
  m_ReflectionProbeUsage: 1
  m_RayTracingMode: 0
  m_RayTraceProcedural: 0
  m_RenderingLayerMask: 1
  m_RendererPriority: 0
  m_Materials:
  - {fileID: 10754, guid: 0000000000000000f000000000000000, type: 0}
  m_StaticBatchInfo:
    firstSubMesh: 0
    subMeshCount: 0
  m_StaticBatchRoot: {fileID: 0}
  m_ProbeAnchor: {fileID: 0}
  m_LightProbeVolumeOverride: {fileID: 0}
  m_ScaleInLightmap: 1
  m_ReceiveGI: 1
  m_PreserveUVs: 0
  m_IgnoreNormalsForChartDetection: 0
  m_ImportantGI: 0
  m_StitchLightmapSeams: 1
  m_SelectedEditorRenderState: 0
  m_MinimumChartSize: 4
  m_AutoUVMaxDistance: 0.5
  m_AutoUVMaxAngle: 89
  m_LightmapParameters: {fileID: 0}
  m_SortingLayerID: 0
  m_SortingLayer: 0
  m_SortingOrder: 10
  m_Sprite: {fileID: 21300000, guid: e5d53de02819ea84ea6e0e0bb1928577, type: 3}
  m_Color: {r: 1, g: 1, b: 1, a: 1}
  m_FlipX: 0
  m_FlipY: 0
  m_DrawMode: 0
  m_Size: {x: 2.96, y: 1.43}
  m_AdaptiveModeThreshold: 0.5
  m_SpriteTileMode: 0
  m_WasSpriteAssigned: 1
  m_MaskInteraction: 0
  m_SpriteSortPoint: 0
--- !u!1 &1885882766
GameObject:
  m_ObjectHideFlags: 0
  m_CorrespondingSourceObject: {fileID: 0}
  m_PrefabInstance: {fileID: 0}
  m_PrefabAsset: {fileID: 0}
  serializedVersion: 6
  m_Component:
  - component: {fileID: 1885882769}
  - component: {fileID: 1885882768}
  - component: {fileID: 1885882767}
  - component: {fileID: 1885882770}
  - component: {fileID: 1885882771}
  m_Layer: 0
  m_Name: Level Sprite Shape
  m_TagString: Ground
  m_Icon: {fileID: 0}
  m_NavMeshLayer: 0
  m_StaticEditorFlags: 0
  m_IsActive: 1
--- !u!114 &1885882767
MonoBehaviour:
  m_ObjectHideFlags: 0
  m_CorrespondingSourceObject: {fileID: 0}
  m_PrefabInstance: {fileID: 0}
  m_PrefabAsset: {fileID: 0}
  m_GameObject: {fileID: 1885882766}
  m_Enabled: 1
  m_EditorHideFlags: 0
  m_Script: {fileID: 11500000, guid: 90539df1cd5704abcb25fec9f3f5f84b, type: 3}
  m_Name: 
  m_EditorClassIdentifier: 
  m_Spline:
    m_IsOpenEnded: 0
    m_ControlPoints:
    - position: {x: -10.72458, y: -6.58921, z: 0}
      leftTangent: {x: 0.53597355, y: -0.00048208237, z: 0}
      rightTangent: {x: -0.53597355, y: 0.00048208237, z: 0}
      mode: 1
      height: 1.82
      bevelCutoff: 0
      bevelSize: 0
      spriteIndex: 0
      corner: 1
      m_CornerMode: 1
    - position: {x: -8.719975, y: 3.875374, z: 0}
      leftTangent: {x: -1.0023336, y: 0.0010561943, z: 0}
      rightTangent: {x: 0.59638786, y: -0.00062799454, z: 0}
      mode: 1
      height: 1.82
      bevelCutoff: 0
      bevelSize: 0
      spriteIndex: 0
      corner: 1
      m_CornerMode: 1
    - position: {x: -2.8136334, y: 0.8047431, z: 0}
      leftTangent: {x: -3.0721993, y: 0.46226138, z: 0}
      rightTangent: {x: 2.099173, y: -0.3161505, z: 0}
      mode: 1
      height: 1.82
      bevelCutoff: 0
      bevelSize: 0
      spriteIndex: 0
      corner: 1
      m_CornerMode: 1
    - position: {x: 2, y: 1, z: 0}
      leftTangent: {x: -0.40523922, y: -0.0006852746, z: 0}
      rightTangent: {x: 0.46189594, y: 0.00078105927, z: 0}
      mode: 1
      height: 1.82
      bevelCutoff: 0
      bevelSize: 0
      spriteIndex: 0
      corner: 1
      m_CornerMode: 1
    - position: {x: 9.692395, y: 0.37164193, z: 0}
      leftTangent: {x: -2.0038295, y: -0.80750495, z: 0}
      rightTangent: {x: 0.5209341, y: 0.2099266, z: 0}
      mode: 1
      height: 1.82
      bevelCutoff: 0
      bevelSize: 0
      spriteIndex: 0
      corner: 1
      m_CornerMode: 1
    - position: {x: 18.208963, y: -1.0669951, z: 0}
      leftTangent: {x: -3.9297428, y: -0.6447897, z: 0}
      rightTangent: {x: 3.608551, y: 0.5920887, z: 0}
      mode: 1
      height: 1.82
      bevelCutoff: 0
      bevelSize: 0
      spriteIndex: 0
      corner: 1
      m_CornerMode: 1
    - position: {x: 26.360527, y: 1.2583196, z: 0}
      leftTangent: {x: -1.1435432, y: -2.4265695, z: 0}
      rightTangent: {x: 1.1259556, y: 2.38925, z: 0}
      mode: 1
      height: 1.82
      bevelCutoff: 0
      bevelSize: 0
      spriteIndex: 0
      corner: 1
      m_CornerMode: 1
    - position: {x: 41.891346, y: -1.9054401, z: 0}
      leftTangent: {x: -3.446476, y: 0.38095975, z: 0}
      rightTangent: {x: 1.4106293, y: -0.15592527, z: 0}
      mode: 1
      height: 1.82
      bevelCutoff: 0
      bevelSize: 0
      spriteIndex: 0
      corner: 1
      m_CornerMode: 1
    - position: {x: 48.428703, y: 2.0697877, z: 0}
      leftTangent: {x: -0.46144485, y: -1.4345038, z: 0}
      rightTangent: {x: 0.19579315, y: 0.60867095, z: 0}
      mode: 1
      height: 1.82
      bevelCutoff: 0
      bevelSize: 0
      spriteIndex: 0
      corner: 1
      m_CornerMode: 1
    - position: {x: 62.39778, y: 0.13378048, z: 0}
      leftTangent: {x: -3.164341, y: -4.781546, z: 0}
      rightTangent: {x: 0.2801895, y: 0.42338645, z: 0}
      mode: 1
      height: 1.82
      bevelCutoff: 0
      bevelSize: 0
      spriteIndex: 0
      corner: 1
      m_CornerMode: 1
    - position: {x: 66.98471, y: 4.6035333, z: 0}
      leftTangent: {x: -3.126419, y: 0.17319822, z: 0}
      rightTangent: {x: 2.23732, y: -0.12476301, z: 0}
      mode: 1
      height: 1
      bevelCutoff: 0
      bevelSize: 0
      spriteIndex: 0
      corner: 1
      m_CornerMode: 1
    - position: {x: 74.98662, y: 0.10725832, z: 0}
      leftTangent: {x: -1.7292557, y: -0.1652751, z: 0}
      rightTangent: {x: 0.9786606, y: 0.093536496, z: 0}
      mode: 1
      height: 1.82
      bevelCutoff: 0
      bevelSize: 0
      spriteIndex: 0
      corner: 1
      m_CornerMode: 1
    - position: {x: 94.36815, y: 4.50018, z: 0}
      leftTangent: {x: -5.9209595, y: 4.9160256, z: 0}
      rightTangent: {x: 1.8115692, y: -1.5035, z: 0}
      mode: 1
      height: 1
      bevelCutoff: 0
      bevelSize: 0
      spriteIndex: 0
      corner: 1
      m_CornerMode: 1
    - position: {x: 118.32327, y: 1.6481466, z: 0}
      leftTangent: {x: -4.445961, y: -1.87885, z: 0}
      rightTangent: {x: 1.533638, y: 0.64811134, z: 0}
      mode: 1
      height: 1
      bevelCutoff: 0
      bevelSize: 0
      spriteIndex: 0
      corner: 1
      m_CornerMode: 1
    - position: {x: 141.22745, y: 1.780103, z: 0}
      leftTangent: {x: -4.7157593, y: 3.761523, z: 0}
      rightTangent: {x: 1.842041, y: -1.4693012, z: 0}
      mode: 1
      height: 1
      bevelCutoff: 0
      bevelSize: 0
      spriteIndex: 0
      corner: 1
      m_CornerMode: 1
    - position: {x: 140.74174, y: -18.73623, z: 0}
      leftTangent: {x: 5.8601227, y: 5.292246, z: 0}
      rightTangent: {x: -7.291397, y: -6.5866833, z: 0}
      mode: 1
      height: 1
      bevelCutoff: 0
      bevelSize: 0
      spriteIndex: 0
      corner: 1
      m_CornerMode: 1
    - position: {x: 113.999146, y: -25.228071, z: 0}
      leftTangent: {x: 2.0115433, y: 1.5931988, z: 0}
      rightTangent: {x: -5.4297256, y: -4.300749, z: 0}
      mode: 1
      height: 1
      bevelCutoff: 0
      bevelSize: 0
      spriteIndex: 0
      corner: 1
      m_CornerMode: 1
    - position: {x: 96.1291, y: -17.359886, z: 0}
      leftTangent: {x: 0.11642456, y: 0.30098915, z: 0}
      rightTangent: {x: -1.1801834, y: -3.0544834, z: 0}
      mode: 1
      height: 1
      bevelCutoff: 0
      bevelSize: 0
      spriteIndex: 0
      corner: 1
      m_CornerMode: 1
    - position: {x: 71.109505, y: -13.65052, z: 0}
      leftTangent: {x: 0.46787262, y: 0.6946182, z: 0}
      rightTangent: {x: -1.5749207, y: -2.339388, z: 0}
      mode: 1
      height: 1.82
      bevelCutoff: 0
      bevelSize: 0
      spriteIndex: 0
      corner: 1
      m_CornerMode: 1
    - position: {x: 56.010307, y: -11.316438, z: 0}
      leftTangent: {x: 0.34744644, y: 0.52259064, z: 0}
      rightTangent: {x: -1.4766159, y: -2.22258, z: 0}
      mode: 1
      height: 1.82
      bevelCutoff: 0
      bevelSize: 0
      spriteIndex: 0
      corner: 1
      m_CornerMode: 1
    - position: {x: 42.658268, y: -9.39868, z: 0}
      leftTangent: {x: 0.81570816, y: 0.3167534, z: 0}
      rightTangent: {x: -3.1999626, y: -1.2431011, z: 0}
      mode: 1
      height: 1.82
      bevelCutoff: 0
      bevelSize: 0
      spriteIndex: 0
      corner: 1
      m_CornerMode: 1
    - position: {x: 31.988716, y: -11.532994, z: 0}
      leftTangent: {x: 0.11986923, y: 0.19623184, z: 0}
      rightTangent: {x: -1.1358871, y: -1.8600616, z: 0}
      mode: 1
      height: 1.82
      bevelCutoff: 0
      bevelSize: 0
      spriteIndex: 0
      corner: 1
      m_CornerMode: 1
    - position: {x: 6.298442, y: -7.429207, z: 0}
      leftTangent: {x: 0.12869644, y: 0.0001001358, z: 0}
      rightTangent: {x: -0.5439148, y: -0.00042247772, z: 0}
      mode: 1
      height: 1.82
      bevelCutoff: 0
      bevelSize: 0
      spriteIndex: 0
      corner: 1
      m_CornerMode: 1
  m_SpriteShape: {fileID: 11400000, guid: 3977e21ce77230049b7f990433c0153d, type: 2}
  m_FillPixelPerUnit: 256
  m_StretchTiling: 1
  m_SplineDetail: 16
  m_AdaptiveUV: 1
  m_StretchUV: 0
  m_WorldSpaceUV: 0
  m_CornerAngleThreshold: 30
  m_ColliderDetail: 16
  m_ColliderOffset: 0.317
  m_UpdateCollider: 1
  m_OptimizeCollider: 1
  m_OptimizeGeometry: 1
  m_EnableTangents: 0
  m_GeometryCached: 0
  m_UTess2D: 0
--- !u!1971053207 &1885882768
SpriteShapeRenderer:
  m_ObjectHideFlags: 0
  m_CorrespondingSourceObject: {fileID: 0}
  m_PrefabInstance: {fileID: 0}
  m_PrefabAsset: {fileID: 0}
  m_GameObject: {fileID: 1885882766}
  m_Enabled: 1
  m_CastShadows: 1
  m_ReceiveShadows: 1
  m_DynamicOccludee: 1
  m_StaticShadowCaster: 0
  m_MotionVectors: 1
  m_LightProbeUsage: 1
  m_ReflectionProbeUsage: 1
  m_RayTracingMode: 0
  m_RayTraceProcedural: 0
  m_RenderingLayerMask: 1
  m_RendererPriority: 0
  m_Materials:
  - {fileID: 10754, guid: 0000000000000000f000000000000000, type: 0}
  - {fileID: 10754, guid: 0000000000000000f000000000000000, type: 0}
  m_StaticBatchInfo:
    firstSubMesh: 0
    subMeshCount: 0
  m_StaticBatchRoot: {fileID: 0}
  m_ProbeAnchor: {fileID: 0}
  m_LightProbeVolumeOverride: {fileID: 0}
  m_ScaleInLightmap: 1
  m_ReceiveGI: 1
  m_PreserveUVs: 0
  m_IgnoreNormalsForChartDetection: 0
  m_ImportantGI: 0
  m_StitchLightmapSeams: 1
  m_SelectedEditorRenderState: 0
  m_MinimumChartSize: 4
  m_AutoUVMaxDistance: 0.5
  m_AutoUVMaxAngle: 89
  m_LightmapParameters: {fileID: 0}
  m_SortingLayerID: 0
  m_SortingLayer: 0
  m_SortingOrder: 0
  m_Color: {r: 1, g: 1, b: 1, a: 1}
  m_MaskInteraction: 0
  m_ShapeTexture: {fileID: 2800000, guid: ce6706b9db8f9704da1ff81edb7f9a94, type: 3}
  m_Sprites:
  - {fileID: 21300000, guid: e5ebe3a40eaa01744b89b57398e9188d, type: 3}
  - {fileID: 21300000, guid: 608e61deb05c54660bebf5a4dd2ee02d, type: 3}
  - {fileID: 21300000, guid: 608e61deb05c54660bebf5a4dd2ee02d, type: 3}
  - {fileID: 21300000, guid: 608e61deb05c54660bebf5a4dd2ee02d, type: 3}
  - {fileID: 21300000, guid: 608e61deb05c54660bebf5a4dd2ee02d, type: 3}
  - {fileID: 21300000, guid: 608e61deb05c54660bebf5a4dd2ee02d, type: 3}
  - {fileID: 21300000, guid: 608e61deb05c54660bebf5a4dd2ee02d, type: 3}
  - {fileID: 21300000, guid: 608e61deb05c54660bebf5a4dd2ee02d, type: 3}
  - {fileID: 21300000, guid: 608e61deb05c54660bebf5a4dd2ee02d, type: 3}
  m_LocalAABB:
    m_Center: {x: 66.36217, y: -10.068703, z: 0}
    m_Extent: {x: 78.120056, y: 16.561787, z: 0}
--- !u!4 &1885882769
Transform:
  m_ObjectHideFlags: 0
  m_CorrespondingSourceObject: {fileID: 0}
  m_PrefabInstance: {fileID: 0}
  m_PrefabAsset: {fileID: 0}
  m_GameObject: {fileID: 1885882766}
  m_LocalRotation: {x: 0, y: 0, z: 0, w: 1}
  m_LocalPosition: {x: -0.68, y: -1.56, z: 0}
  m_LocalScale: {x: 1, y: 1, z: 1}
  m_ConstrainProportionsScale: 0
  m_Children: []
  m_Father: {fileID: 0}
  m_RootOrder: 1
  m_LocalEulerAnglesHint: {x: 0, y: 0, z: 0}
--- !u!68 &1885882770
EdgeCollider2D:
  m_ObjectHideFlags: 0
  m_CorrespondingSourceObject: {fileID: 0}
  m_PrefabInstance: {fileID: 0}
  m_PrefabAsset: {fileID: 0}
  m_GameObject: {fileID: 1885882766}
  m_Enabled: 1
  m_Density: 1
  m_Material: {fileID: 0}
  m_IsTrigger: 0
  m_UsedByEffector: 1
  m_UsedByComposite: 0
  m_Offset: {x: 0, y: 0}
  m_EdgeRadius: 0
  m_Points:
  - {x: -10.725106, y: -7.1748037}
  - {x: -10.805419, y: -7.041381}
  - {x: -11.419939, y: -6.095316}
  - {x: -11.40292, y: -5.469753}
  - {x: -11.343461, y: -4.6993327}
  - {x: -11.247303, y: -3.8064697}
  - {x: -11.119087, y: -2.8237953}
  - {x: -10.963316, y: -1.786441}
  - {x: -10.784465, y: -0.73029196}
  - {x: -10.586903, y: 0.30869174}
  - {x: -10.374786, y: 1.2949604}
  - {x: -10.151693, y: 2.1942053}
  - {x: -9.919403, y: 2.975501}
  - {x: -9.672055, y: 3.6188915}
  - {x: -9.350787, y: 4.1461787}
  - {x: -8.818664, y: 4.452593}
  - {x: -8.375623, y: 4.391019}
  - {x: -8.100437, y: 4.252995}
  - {x: -7.838846, y: 4.0820084}
  - {x: -6.919235, y: 3.397708}
  - {x: -6.5544357, y: 3.1307924}
  - {x: -6.160637, y: 2.8564763}
  - {x: -5.7391343, y: 2.5825777}
  - {x: -5.291556, y: 2.3170102}
  - {x: -4.8197284, y: 2.0676565}
  - {x: -4.325583, y: 1.8422716}
  - {x: -3.8110435, y: 1.6483936}
  - {x: -3.2778697, y: 1.493291}
  - {x: -2.7203774, y: 1.382864}
  - {x: -2.3011932, y: 1.3324751}
  - {x: -1.9342476, y: 1.3038477}
  - {x: -1.5344937, y: 1.2890666}
  - {x: -1.1375846, y: 1.2884098}
  - {x: -0.36852086, y: 1.320965}
  - {x: 0.3412177, y: 1.3839504}
  - {x: 1.8422958, y: 1.5767486}
  - {x: 2.0159354, y: 1.5853772}
  - {x: 2.241235, y: 1.5610723}
  - {x: 3.8683262, y: 1.2323824}
  - {x: 4.437316, y: 1.1223004}
  - {x: 5.0455446, y: 1.0135221}
  - {x: 5.678542, y: 0.91250086}
  - {x: 6.3214874, y: 0.82566893}
  - {x: 6.959135, y: 0.7593715}
  - {x: 7.575633, y: 0.71974283}
  - {x: 8.154162, y: 0.712432}
  - {x: 8.6763735, y: 0.74195284}
  - {x: 9.121671, y: 0.8101007}
  - {x: 9.587596, y: 0.9477822}
  - {x: 9.879702, y: 0.9662901}
  - {x: 10.220528, y: 0.9037579}
  - {x: 10.576584, y: 0.7993558}
  - {x: 11.967658, y: 0.32611573}
  - {x: 12.536671, y: 0.14251739}
  - {x: 13.14974, y: -0.03903991}
  - {x: 13.800477, y: -0.20933399}
  - {x: 14.48218, y: -0.35915515}
  - {x: 15.187955, y: -0.47938785}
  - {x: 15.9108095, y: -0.5610845}
  - {x: 16.643757, y: -0.5955375}
  - {x: 17.379978, y: -0.5743266}
  - {x: 18.133772, y: -0.48624828}
  - {x: 18.854616, y: -0.38334295}
  - {x: 19.58101, y: -0.30530328}
  - {x: 20.288435, y: -0.24682698}
  - {x: 21.63027, y: -0.1561181}
  - {x: 22.256132, y: -0.10825008}
  - {x: 22.84578, y: -0.04884237}
  - {x: 23.394224, y: 0.028832406}
  - {x: 23.896322, y: 0.1306391}
  - {x: 24.347313, y: 0.2612592}
  - {x: 24.74389, y: 0.42413804}
  - {x: 25.085863, y: 0.62238836}
  - {x: 25.37717, y: 0.86129034}
  - {x: 25.624212, y: 1.1513941}
  - {x: 25.889214, y: 1.605859}
  - {x: 26.391241, y: 2.1291559}
  - {x: 27.181437, y: 2.4146652}
  - {x: 28.089392, y: 2.468801}
  - {x: 29.112701, y: 2.370602}
  - {x: 30.24659, y: 2.1567256}
  - {x: 31.47292, y: 1.8521489}
  - {x: 32.766903, y: 1.4793016}
  - {x: 34.10076, y: 1.0600978}
  - {x: 35.445137, y: 0.6164038}
  - {x: 38.04358, y: -0.25656402}
  - {x: 39.23458, y: -0.6415442}
  - {x: 40.30907, y: -0.96233416}
  - {x: 41.229362, y: -1.1963527}
  - {x: 41.936626, y: -1.321599}
  - {x: 42.155415, y: -1.3172213}
  - {x: 42.47398, y: -1.256209}
  - {x: 42.881866, y: -1.1345862}
  - {x: 43.351467, y: -0.95748025}
  - {x: 43.86276, y: -0.73234963}
  - {x: 44.39893, y: -0.4670564}
  - {x: 44.944195, y: -0.16959885}
  - {x: 45.48483, y: 0.15227717}
  - {x: 46.005257, y: 0.49018624}
  - {x: 46.491215, y: 0.83570415}
  - {x: 46.927803, y: 1.179589}
  - {x: 47.299477, y: 1.5110289}
  - {x: 47.589737, y: 1.8157036}
  - {x: 47.78186, y: 2.0709243}
  - {x: 48.086838, y: 2.545234}
  - {x: 48.667656, y: 2.673498}
  - {x: 48.873875, y: 2.6153827}
  - {x: 49.244907, y: 2.4782796}
  - {x: 49.90516, y: 2.1716166}
  - {x: 51.684742, y: 1.3050785}
  - {x: 52.75676, y: 0.8093612}
  - {x: 53.90908, y: 0.3182733}
  - {x: 55.108673, y: -0.13295296}
  - {x: 56.321064, y: -0.5092865}
  - {x: 57.510067, y: -0.77661955}
  - {x: 58.63743, y: -0.90330434}
  - {x: 59.664085, y: -0.86310565}
  - {x: 60.557137, y: -0.63797873}
  - {x: 61.102184, y: -0.3184903}
  - {x: 61.303772, y: -0.21084236}
  - {x: 61.91649, y: 0.46736044}
  - {x: 62.149784, y: 1.0046663}
  - {x: 62.314342, y: 1.3608497}
  - {x: 62.518375, y: 1.7635022}
  - {x: 62.76389, y: 2.1960247}
  - {x: 63.052334, y: 2.6427283}
  - {x: 63.38471, y: 3.0884697}
  - {x: 63.761597, y: 3.5184202}
  - {x: 64.18372, y: 3.9178925}
  - {x: 64.65203, y: 4.271956}
  - {x: 65.167656, y: 4.5651665}
  - {x: 65.73136, y: 4.7816505}
  - {x: 66.343056, y: 4.9060187}
  - {x: 67.00639, y: 4.9245563}
  - {x: 67.537125, y: 4.8353033}
  - {x: 68.094185, y: 4.643404}
  - {x: 68.67222, y: 4.372328}
  - {x: 69.270874, y: 4.039949}
  - {x: 69.886345, y: 3.6622226}
  - {x: 70.51244, y: 3.2542617}
  - {x: 72.36832, y: 1.9953068}
  - {x: 72.94644, y: 1.6135864}
  - {x: 73.48634, y: 1.2772962}
  - {x: 73.97517, y: 1.0036683}
  - {x: 74.39563, y: 0.80991435}
  - {x: 74.7212, y: 0.7082877}
  - {x: 74.899506, y: 0.6863362}
  - {x: 75.15645, y: 0.81202424}
  - {x: 75.66385, y: 1.0857121}
  - {x: 76.52087, y: 1.5741706}
  - {x: 77.60099, y: 2.1833434}
  - {x: 78.86805, y: 2.8677833}
  - {x: 80.28857, y: 3.5844586}
  - {x: 81.82922, y: 4.291865}
  - {x: 83.456726, y: 4.9497046}
  - {x: 85.137825, y: 5.5184703}
  - {x: 86.84008, y: 5.958732}
  - {x: 88.5321, y: 6.230213}
  - {x: 90.183685, y: 6.290672}
  - {x: 91.76444, y: 6.094968}
  - {x: 93.240875, y: 5.5956936}
  - {x: 94.53379, y: 4.7760234}
  - {x: 95.07065, y: 4.4696493}
  - {x: 95.97432, y: 4.1277385}
  - {x: 97.21409, y: 3.7559662}
  - {x: 98.72807, y: 3.3722246}
  - {x: 100.46112, y: 2.9900894}
  - {x: 102.36003, y: 2.6222188}
  - {x: 104.372086, y: 2.2809782}
  - {x: 106.444954, y: 1.9786215}
  - {x: 108.52624, y: 1.7273365}
  - {x: 110.5634, y: 1.5392559}
  - {x: 112.503685, y: 1.4264213}
  - {x: 114.29354, y: 1.4006588}
  - {x: 115.878006, y: 1.4731778}
  - {x: 117.19883, y: 1.6530962}
  - {x: 118.228645, y: 1.9556718}
  - {x: 118.7352, y: 2.1189225}
  - {x: 119.60643, y: 2.336594}
  - {x: 120.77818, y: 2.587311}
  - {x: 122.207184, y: 2.8554888}
  - {x: 123.84668, y: 3.1243985}
  - {x: 125.64933, y: 3.3770792}
  - {x: 127.56745, y: 3.5964777}
  - {x: 129.55357, y: 3.7654834}
  - {x: 131.56018, y: 3.8669038}
  - {x: 133.54015, y: 3.883406}
  - {x: 135.44675, y: 3.7973647}
  - {x: 137.23398, y: 3.5905194}
  - {x: 138.85695, y: 3.24315}
  - {x: 140.27162, y: 2.7322562}
  - {x: 141.43536, y: 2.0256567}
  - {x: 141.8791, y: 1.5125427}
  - {x: 142.31746, y: 0.7271149}
  - {x: 142.74799, y: -0.29641667}
  - {x: 143.15976, y: -1.5304611}
  - {x: 143.5356, y: -2.9419308}
  - {x: 143.85678, y: -4.495964}
  - {x: 144.10382, y: -6.156966}
  - {x: 144.2571, y: -7.8890557}
  - {x: 144.29651, y: -9.656411}
  - {x: 144.2017, y: -11.423212}
  - {x: 143.95178, y: -13.153688}
  - {x: 143.52501, y: -14.811911}
  - {x: 142.89885, y: -16.361183}
  - {x: 142.05013, y: -17.762947}
  - {x: 140.9598, y: -18.972841}
  - {x: 139.33217, y: -20.215736}
  - {x: 137.48514, y: -21.24641}
  - {x: 135.46428, y: -22.089888}
  - {x: 133.3149, y: -22.76943}
  - {x: 131.08167, y: -23.307411}
  - {x: 128.80939, y: -23.725561}
  - {x: 126.54283, y: -24.045128}
  - {x: 124.32715, y: -24.28712}
  - {x: 122.20771, y: -24.47234}
  - {x: 118.44095, y: -24.755058}
  - {x: 116.88756, y: -24.893328}
  - {x: 115.62086, y: -25.055439}
  - {x: 114.70223, y: -25.254702}
  - {x: 114.14447, y: -25.515139}
  - {x: 112.935844, y: -26.17613}
  - {x: 111.52475, y: -26.4451}
  - {x: 110.017265, y: -26.350286}
  - {x: 108.44846, y: -25.957474}
  - {x: 106.84683, y: -25.326164}
  - {x: 105.24125, y: -24.511372}
  - {x: 103.66212, y: -23.56619}
  - {x: 102.141365, y: -22.543123}
  - {x: 100.71156, y: -21.494526}
  - {x: 99.40596, y: -20.472782}
  - {x: 98.25817, y: -19.530436}
  - {x: 97.30236, y: -18.720385}
  - {x: 96.57441, y: -18.096876}
  - {x: 96.127594, y: -17.726625}
  - {x: 95.75958, y: -18.121841}
  - {x: 95.34149, y: -18.226946}
  - {x: 94.61751, y: -18.387897}
  - {x: 93.10539, y: -18.41192}
  - {x: 91.26446, y: -18.25818}
  - {x: 89.160446, y: -17.965185}
  - {x: 86.86832, y: -17.566402}
  - {x: 84.4665, y: -17.092669}
  - {x: 82.0354, y: -16.573072}
  - {x: 79.65627, y: -16.036161}
  - {x: 77.41074, y: -15.511386}
  - {x: 75.380585, y: -15.030193}
  - {x: 73.648415, y: -14.626513}
  - {x: 72.30203, y: -14.336841}
  - {x: 71.475136, y: -14.199881}
  - {x: 71.329155, y: -14.193357}
  - {x: 70.911446, y: -14.5443735}
  - {x: 70.0069, y: -14.794715}
  - {x: 68.95682, y: -14.841425}
  - {x: 67.76948, y: -14.747401}
  - {x: 66.467995, y: -14.545241}
  - {x: 65.08646, y: -14.260502}
  - {x: 63.663677, y: -13.917133}
  - {x: 62.24082, y: -13.538742}
  - {x: 60.860214, y: -13.148893}
  - {x: 58.399517, y: -12.429635}
  - {x: 57.40999, y: -12.148379}
  - {x: 56.650337, y: -11.953017}
  - {x: 56.231102, y: -11.869702}
  - {x: 56.15572, y: -11.963766}
  - {x: 55.877895, y: -12.186952}
  - {x: 55.066963, y: -12.45127}
  - {x: 54.139557, y: -12.525613}
  - {x: 53.104473, y: -12.469598}
  - {x: 51.9778, y: -12.314361}
  - {x: 50.785103, y: -12.082995}
  - {x: 49.5567, y: -11.796527}
  - {x: 48.32534, y: -11.475469}
  - {x: 46.844296, y: -11.058823}
  - {x: 44.957897, y: -10.509146}
  - {x: 44.06472, y: -10.254943}
  - {x: 43.354237, y: -10.070492}
  - {x: 42.898804, y: -9.978749}
  - {x: 42.83886, y: -9.955882}
  - {x: 42.144325, y: -10.197891}
  - {x: 41.33625, y: -10.432242}
  - {x: 40.464878, y: -10.649331}
  - {x: 39.54818, y: -10.850465}
  - {x: 38.38042, y: -11.076813}
  - {x: 37.654835, y: -11.207438}
  - {x: 36.717335, y: -11.363985}
  - {x: 35.812496, y: -11.5062}
  - {x: 32.928314, y: -11.93347}
  - {x: 32.272026, y: -12.048564}
  - {x: 31.627293, y: -12.367458}
  - {x: 30.415264, y: -12.477925}
  - {x: 28.84709, y: -12.404239}
  - {x: 26.939255, y: -12.194201}
  - {x: 24.760088, y: -11.874051}
  - {x: 22.38859, y: -11.468353}
  - {x: 19.906927, y: -11.001497}
  - {x: 17.398487, y: -10.497898}
  - {x: 14.94719, y: -9.981993}
  - {x: 12.637241, y: -9.478239}
  - {x: 10.55302, y: -9.011124}
  - {x: 8.779047, y: -8.605153}
  - {x: 6.22373, y: -8.0100155}
  - {x: 5.3051767, y: -7.9734898}
  - {x: 1.7329063, y: -7.796574}
  - {x: -6.248446, y: -7.390883}
  - {x: -9.789068, y: -7.2151365}
  - {x: -10.744792, y: -7.174455}
  - {x: -10.725106, y: -7.1748037}
  m_AdjacentStartPoint: {x: 0, y: 0}
  m_AdjacentEndPoint: {x: 0, y: 0}
  m_UseAdjacentStartPoint: 0
  m_UseAdjacentEndPoint: 0
--- !u!252 &1885882771
SurfaceEffector2D:
  m_ObjectHideFlags: 0
  m_CorrespondingSourceObject: {fileID: 0}
  m_PrefabInstance: {fileID: 0}
  m_PrefabAsset: {fileID: 0}
  m_GameObject: {fileID: 1885882766}
  m_Enabled: 1
  m_UseColliderMask: 1
  m_ColliderMask:
    serializedVersion: 2
    m_Bits: 4294967295
  m_Speed: 15
  m_SpeedVariation: 0
  m_ForceScale: 0.1
  m_UseContactForce: 0
  m_UseFriction: 1
  m_UseBounce: 1
